@INPROCEEDINGS{gengxin:extracting,
AUTHOR = "Gengxin Miao and Junichi Tatemura and Wang-Pin Hsiung and Arsany Sawires and Louise E. Moser",
TITLE = "Extracting Data Records from the Web Using Tag Path Clustering",
BOOKTITLE = "Proceedings of the 18th international conference on World wide web",
PAGES = "981-990",
MONTH = "April", 
YEAR = {2009}
}

@MISC{diffbot,
TITLE = "DiffBot: Extract content from standard page types: articles/blog posts, front pages, image and product pages. http://www.diffbot.com/"
}

@INPROCEEDINGS{arasu:extracting,
AUTHOR = " A. Arasu and H. Garcia-Molina",
TITLE = "Extracting structured data from Web pages",
BOOKTITLE = "Proceedings of the 2003 ACM SIGMOD International Conference on the Management of Data",
PAGES = "337-348",
YEAR = {2003}
}

@INPROCEEDINGS{chang:information,
AUTHOR = "C. Chang and S. Lui",
TITLE = "Information extraction based on pattern discovery",
BOOKTITLE = "Proceedings of the 10th International Conference on the World Wide Web",
PAGES = "681-688",
YEAR = {2001}
}

@INPROCEEDINGS{crescenzi:towards,
AUTHOR = "V. Crescenzi, G. Mecca, and P. Merialdo",
TITLE = "Towards automatic data extraction from large Web sites",
BOOKTITLE = "Proceedings of the 27th International Conference on Very Large Data Bases",
PAGES = "109-118",
YEAR = {2001}
}

@BOOK{christopher:introduction,
    AUTHOR = "Christopher D. Manning and Prabhakar Raghavan and Hinrich Sch√ºtze",
    TITLE = "Introduction to Information Retrieval",
    PUBLISHER = "Cambridge University Press; 1 edition",
    YEAR = "2008"
}

@INPROCEEDINGS{laender:brief,
    AUTHOR = "A. H. F. Laender and B. A. Ribeiro-Neto and A. S. da Silva and J. S. Teixeira",
    TITLE = "A brief survey of Web data extraction tools",
    BOOKTITLE = "ACM SIGMOD Record",
    PAGES = "84-93",
    YEAR = {2002}
}

@INPROCEEDINGS{liu:mining,
    AUTHOR = "B. Liu",
    TITLE = "Mining data records in Web pages",
    BOOKTITLE = "Proceedings of the ACM International Conference on Knowledge Discovery and Data Mining",
    PAGES = "601-606",
    YEAR = {2003}
}

@INPROCEEDINGS{ng:spectral,
    AUTHOR = "A. Y. Ng and M. I. Jordan and Y. Weiss",
    TITLE = "On spectral clustering: Analysis and an algorithm",
    BOOKTITLE = "Proceedings of the Neural Information Processing Systems Conference",
    PAGES = "849-856",
    YEAR = {2001}
}

@INPROCEEDINGS{wang:data,
    AUTHOR = "J. Wang and F. H. Lochovsky",
    TITLE = "Data extraction and label assignment for Web databases",
    BOOKTITLE = "Proceedings of the 12th International Conference on the World Wide Web",
    PAGES = "187-196",
    YEAR = {2003}
}

@INPROCEEDINGS{zhai:webdata,
    AUTHOR = "Y. Zhai and B. Liu",
    TITLE = "Web data extraction based on partial tree alignment",
    BOOKTITLE = "Proceedings of the 14th International Conference on the World Wide Web",
    PAGES = "76-85",
    YEAR = {2005}
}

@INPROCEEDINGS{zhu:simultaneous,
    AUTHOR = "J. Zhu and Z. Nie and J. Wen and B. Zhang and W. Ma",
    TITLE = "Simultaneous record detection and attribute labeling in Web data extraction",
    BOOKTITLE = "Proceedings of the 12th ACM International Conference on Knowledge Discovery and Data Mining",
    PAGES = "494-503",
    YEAR = {2006}
}

@INPROCEEDINGS{ester:dbscan,
  TITLE={A density-based algorithm for discovering clusters in large spatial databases with noise.},
  AUTHOR={Ester, Martin and Kriegel, Hans-Peter and Sander, J{\"o}rg and Xu, Xiaowei},
  BOOKTITLE={KDD},
  VOLUME={96},
  PAGES={226--231},
  YEAR={1996}
}

